%YAML 1.1
%TAG !u! tag:unity3d.com,2011:
--- !u!1 &8221783070031616448
GameObject:
  m_ObjectHideFlags: 0
  m_CorrespondingSourceObject: {fileID: 0}
  m_PrefabInstance: {fileID: 0}
  m_PrefabAsset: {fileID: 0}
  serializedVersion: 6
  m_Component:
  - component: {fileID: 8221783070031616478}
  - component: {fileID: 8221783070031616449}
  - component: {fileID: 8221783070031616479}
  - component: {fileID: 8221783070031616475}
  - component: {fileID: 8221783070031616477}
  - component: {fileID: 8221783070031616476}
  m_Layer: 0
  m_Name: GameController
  m_TagString: Untagged
  m_Icon: {fileID: 0}
  m_NavMeshLayer: 0
  m_StaticEditorFlags: 0
  m_IsActive: 1
--- !u!4 &8221783070031616478
Transform:
  m_ObjectHideFlags: 0
  m_CorrespondingSourceObject: {fileID: 0}
  m_PrefabInstance: {fileID: 0}
  m_PrefabAsset: {fileID: 0}
  m_GameObject: {fileID: 8221783070031616448}
  m_LocalRotation: {x: 0, y: 0, z: 0, w: 1}
  m_LocalPosition: {x: 0, y: 0, z: 0}
  m_LocalScale: {x: 1, y: 1, z: 1}
  m_Children: []
  m_Father: {fileID: 0}
  m_RootOrder: 0
  m_LocalEulerAnglesHint: {x: 0, y: 0, z: 0}
--- !u!114 &8221783070031616449
MonoBehaviour:
  m_ObjectHideFlags: 0
  m_CorrespondingSourceObject: {fileID: 0}
  m_PrefabInstance: {fileID: 0}
  m_PrefabAsset: {fileID: 0}
  m_GameObject: {fileID: 8221783070031616448}
  m_Enabled: 1
  m_EditorHideFlags: 0
  m_Script: {fileID: 11500000, guid: 89fc2aa870e8cf74e88736e90ca2999b, type: 3}
  m_Name: 
  m_EditorClassIdentifier: 
  con: {fileID: 8221783070031616479}
--- !u!114 &8221783070031616479
MonoBehaviour:
  m_ObjectHideFlags: 0
  m_CorrespondingSourceObject: {fileID: 0}
  m_PrefabInstance: {fileID: 0}
  m_PrefabAsset: {fileID: 0}
  m_GameObject: {fileID: 8221783070031616448}
  m_Enabled: 1
  m_EditorHideFlags: 0
  m_Script: {fileID: 11500000, guid: a60f47ba8ef876f4ebce8320f3b8a3fc, type: 3}
  m_Name: 
  m_EditorClassIdentifier: 
  LeftWheel: {fileID: 0}
  RightWheel: {fileID: 0}
  leftWheelPosition: {x: -480, y: 33, z: 0}
  rightWheelPosition: {x: 480, y: 33, z: 0}
  currentMode: 0
  countdown: 0
  totalResultRequired: 0
  showCountdown: 0
  delayNewGameMode: 5
  isPlaying: 0
  minSpinDuration: 0
  maxSpinDuration: 0
  zoomEnabled: 0
  currentControl: 1
  changeModeAutomatically: 0
--- !u!114 &8221783070031616475
MonoBehaviour:
  m_ObjectHideFlags: 0
  m_CorrespondingSourceObject: {fileID: 0}
  m_PrefabInstance: {fileID: 0}
  m_PrefabAsset: {fileID: 0}
  m_GameObject: {fileID: 8221783070031616448}
  m_Enabled: 1
  m_EditorHideFlags: 0
  m_Script: {fileID: 11500000, guid: d73bba7b024dad146b9143a3c8809788, type: 3}
  m_Name: 
  m_EditorClassIdentifier: 
  backgroundImage: {fileID: 0}
  leftWheelImage: {fileID: 0}
  rightWheelImage: {fileID: 0}
  leftWheelSpin: {fileID: 0}
  rightWheelSpin: {fileID: 0}
  con: {fileID: 8221783070031616479}
--- !u!114 &8221783070031616477
MonoBehaviour:
  m_ObjectHideFlags: 0
  m_CorrespondingSourceObject: {fileID: 0}
  m_PrefabInstance: {fileID: 0}
  m_PrefabAsset: {fileID: 0}
  m_GameObject: {fileID: 8221783070031616448}
  m_Enabled: 1
  m_EditorHideFlags: 0
  m_Script: {fileID: 11500000, guid: 8a82f158e86c09f4bab047f1fead0453, type: 3}
  m_Name: 
  m_EditorClassIdentifier: 
  con: {fileID: 8221783070031616479}
--- !u!114 &8221783070031616476
MonoBehaviour:
  m_ObjectHideFlags: 0
  m_CorrespondingSourceObject: {fileID: 0}
  m_PrefabInstance: {fileID: 0}
  m_PrefabAsset: {fileID: 0}
  m_GameObject: {fileID: 8221783070031616448}
  m_Enabled: 1
  m_EditorHideFlags: 0
  m_Script: {fileID: 11500000, guid: 2f68ecff929c04b31832e383f4dfe4fd, type: 3}
  m_Name: 
  m_EditorClassIdentifier: 
  AutoInit: 1
  Initialised: 0
  NetworkType: 0
  Server: {fileID: 0}
  Client: {fileID: 0}
  ServerSettings:
    ServerListenPort: 3333
    UseAsyncListener: 0
    UseMainThreadSender: 1
    ConnectionCount: 0
  ClientSettings:
    ClientListenPort: 3334
    UseMainThreadSender: 1
    AutoNetworkDiscovery: 1
    ServerIP: 
    IsConnected: 0
  ShowLog: 1
  Status: 
  UIStatus: {fileID: 0}
  OnReceivedByteDataEvent:
    m_PersistentCalls:
      m_Calls: []
  OnReceivedStringDataEvent:
    m_PersistentCalls:
      m_Calls: []
  GetRawReceivedData:
    m_PersistentCalls:
      m_Calls:
      - m_Target: {fileID: 8221783070031616477}
        m_MethodName: Action_ShowRawByteLength
        m_Mode: 0
        m_Arguments:
          m_ObjectArgument: {fileID: 0}
          m_ObjectArgumentAssemblyTypeName: UnityEngine.Object, UnityEngine
          m_IntArgument: 0
          m_FloatArgument: 0
          m_StringArgument: 
          m_BoolArgument: 0
        m_CallState: 2
  NetworkObjects: []
  SyncFPS: 20
